
@article{Winkler,
    author = {N. Bellomo and A. Belloquid and Y. Tao and M. Winkler},
    title = {Towards a mathematical theory of Keller-Segel models of pattern formation in biologicl tissues},
    journal = {Math. Models Meth. Appl. Sci.},
    volume = {25(9)},
    year = {2015},
    pages = {1663--1763},
}
@article{Giuseppe,
	author = {M. Farina and M. Marras and G. Viglialoro},
	title = {On explicit lower bounds and blow-up times in a model of chemotaxis},
	year = {2015},
	journal = {Discret. Contin. Dyn. Syst. Suppl.},
	pages = {409--417}
}
@article{FreeFem1,
	author = {F. Hecht},
	title = {New development in FreeFem++},
	journal = {J. Numer. Math.},
	volume = {20(3-4)},
	year = {2012},
	pages = {251--265}
}

@article{anderson_high-order_2017,
	title = {High-order local maximum principle preserving ({MPP}) discontinuous {Galerkin} finite element method for the transport equation},
	volume = {334},
	language = {en},
	urldate = {2017-03-07},
	journal = {Journal of Computational Physics},
	author = {Anderson, R. and Dobrev, V. and Kolev, Tz. and Kuzmin, D. and Quezada de Luna, M. and Rieben, R. and Tomov, V.},
	year = {2017},
	pages = {102--124},
	}

@mastersthesis{Alba_TFG,
	title = {Análisis y Simulación Numérica de Modelos Matemáticos en Procesos Biológicos de Quimiotaxis},
    author = {A. M. Navarro and J. R. Rodríguez },
    year={2018},
    school={University of Cádiz}
}
